@COMMENT {" All of our citations for this project " }

@misc{ds:ATMEGA8515,
	author="{Atmel Corporation}",
	title="ATMega8515(L) Datasheet",
	HOWPUBLISHED="\url{http://www.atmel.com/dyn/resources/prod_documents/doc2512.pdf}",
	organization="Atmel Corporation",
	type="Datasheet",
	year="2009-02-04"
}
@misc{ds:max757,
	author="{Maxim Corporation}",
	title="3.3V/5V/Adjustable-Output, Step-up DC-DC Converters",
	HOWPUBLISHED="\url{Need a URL for this}",
	year="2009-03-05",
	type="Datasheet"
}
@misc{ds:cd4067,
	author="{Texas Instruments, Inc.}",
	title="CMOS Analog Multiplexers/Demultiplexers",
	HOWPUBLISHED="\url{Need a URL for this}",
	year="2009-03-05",
	type="Datasheet"
}
@misc{ds:pic18f1220,
	author="{Microchip Technology Inc.}",
	title="PIC18F1220/1320 Datasheet",
	HOWPUBLISHED="\url{http://ww1.microchip.com/downloads/en/DeviceDoc/39605F.pdf}",
	year="2009-03-05"
}
@misc{web:pic18f1220,
	author="{Microchip Technology Inc.}",
	title="PIC18F1220",
	HOWPUBLISHED="\url{http://www.microchip.com/wwwproducts/Devices.aspx?dDocName=en010264}",
	year="2009-03-05"
}
